@misc{ouroboros-classic,
    author = {Aggelos Kiayias and Alexander Russell and Bernardo David and Roman Oliynykov},
    title = {Ouroboros: A Provably Secure Proof-of-Stake Blockchain Protocol},
    howpublished = {Cryptology ePrint Archive, Report 2016/889},
    year = {2016},
    note = {\url{http://eprint.iacr.org/2016/889}},
}

@misc{ouroboros-genesis,
    author = {Christian Badertscher and Peter Ga\v{z}i and Aggelos Kiayias and Alexander Russell and Vassilis Zikas},
    title  = {Composable Proof-of-Stake Blockchains with Dynamic Availability},
    year   = {2018}
}

@misc{RFC7049,
  author = {C. Bormann and P. Hoffman},
  title = {Concise Binary Object Representation (CBOR)},
  howpublished = {Internet Requests for Comments},
  year = {2013}
}

@inproceedings{monkey,
  author = {Niv Dayan and Manos Athanassoulis and Stratos Idreos},
  title  = {Monkey: Optimal Navigable Key-Value Store},
  year   = {2017},
  url       = {https://doi.org/10.1145/3035918.3064054},
  doi       = {10.1145/3035918.3064054},
  booktitle = {Proceedings of the 2017 ACM International Conference on Management of Data},
  location  = {Chicago, Illinois, USA},
  series    = {SIGMOD '17}
}

@inproceedings{rum-conjecture,
  author    = {Manos Athanassoulis and Michael Kester and Lukas Maas and Radu Stoica and Stratos Idreos and Anastasia Ailamaki and Mark Callaghan},
  title     = {Designing Access Methods: The RUM Conjecture},
  year      = {2016},
  url       = {https://openproceedings.org/2016/conf/edbt/paper-12.pdf},
  doi       = {10.5441/002/edbt.2016.42},
  booktitle = {Proceedings of the 19th International Conference on Extending Database Technology},
  series    = {EDBT 2016}
}
